@CONTROL{REVTEX42Control}
@CONTROL{apsrev42Control,author="08",editor="1",pages="0",title="0",year="1"}

@book{BirrellDavies,
  author    = {N. D. Birrell and P. C. W. Davies},
  title     = {Quantum Fields in Curved Space},
  publisher = {Cambridge University Press},
  year      = {1982}
}

@book{ParkerToms,
  author    = {Leonard Parker and David J. Toms},
  title     = {Quantum Field Theory in Curved Spacetime},
  publisher = {Cambridge University Press},
  year      = {2009}
}

@article{Bondi1962,
  author  = {H. Bondi},
  title   = {Gravitational Waves in General Relativity},
  journal = {Proc. Roy. Soc. A},
  year    = {1962},
  volume  = {269},
  pages   = {21--52}
}

@article{Sachs1962,
  author  = {R. K. Sachs},
  title   = {Gravitational Waves in General Relativity. VIII. Waves in Asymptotically Flat Space-Time},
  journal = {Proc. Roy. Soc. A},
  year    = {1962},
  volume  = {270},
  pages   = {103--126}
}

@article{SmeenkWuthrich2021,
  author  = {C. Smeenk and C. W{"u}thrich},
  title   = {Determinism and Indeterminism in Classical and Quantum Physics},
  journal = {Stanford Encyclopedia of Philosophy},
  year    = {2021}
}

@article{Hensen2015,
  author  = {B. Hensen and others},
  title   = {Loophole-Free Bell Inequality Violation Using Electron Spins Separated by 1.3 Kilometres},
  journal = {Nature},
  year    = {2015},
  volume  = {526},
  pages   = {682--686}
}

@article{Giustina2015,
  author  = {M. Giustina and others},
  title   = {Significant-Loophole-Free Test of Bell's Theorem with Entangled Photons},
  journal = {Phys. Rev. Lett.},
  year    = {2015},
  volume  = {115},
  pages   = {250401}
}

@article{Shalm2015,
  author  = {L. K. Shalm and others},
  title   = {Strong Loophole-Free Test of Local Realism},
  journal = {Phys. Rev. Lett.},
  year    = {2015},
  volume  = {115},
  pages   = {250402}
}

@article{Bohm1952,
  author  = {D. Bohm},
  title   = {A Suggested Interpretation of the Quantum Theory in Terms of "Hidden" Variables I},
  journal = {Phys. Rev.},
  year    = {1952},
  volume  = {85},
  pages   = {166--179}
}

@article{PittsSchieve2004,
  author  = {J. B. Pitts and W. C. Schieve},
  title   = {Null Cones and Einstein's Equations in Minkowski Background},
  journal = {Found. Phys.},
  year    = {2004},
  volume  = {34},
  pages   = {211--226}
}

@article{Will2014,
  author  = {C. M. Will},
  title   = {The Confrontation between General Relativity and Experiment},
  journal = {Living Rev. Relativ.},
  year    = {2014},
  volume  = {17},
  pages   = {4}
}

@article{LiskaUnge2022,
  author  = {M. Liska and R. von Unge},
  title   = {String Excitations in Gravitational Waves},
  journal = {J. High Energy Phys.},
  year    = {2022},
  pages   = {123}
}

@article{PDG2024,
  author  = {Particle Data Group},
  title   = {Review of Particle Physics},
  journal = {Prog. Theor. Exp. Phys.},
  year    = {2024},
  pages   = {083C01}
}

@article{WahlstromChao1988,
  author  = {C. Wahlstr{"o}m and P. Chao},
  title   = {Spectral Selection in Quasiperiodic Arrays},
  journal = {Appl. Phys. Lett.},
  year    = {1988},
  volume  = {52},
  pages   = {103--105}
}

@book{MandelWolf1995,
  author    = {L. Mandel and E. Wolf},
  title     = {Optical Coherence and Quantum Optics},
  publisher = {Cambridge University Press},
  year      = {1995}
}

@article{Montgomery1973,
  author  = {H. L. Montgomery},
  title   = {The Pair Correlation of Zeros of the Zeta Function},
  journal = {Proc. Sympos. Pure Math.},
  year    = {1973},
  volume  = {24},
  pages   = {181--193}
}

@article{BerryKeating1999,
  author  = {M. V. Berry and J. P. Keating},
  title   = {The Riemann Zeros and Eigenvalue Asymptotics},
  journal = {SIAM Rev.},
  year    = {1999},
  volume  = {41},
  pages   = {236--266}
}

@book{BoydNLO,
  author    = {Robert W. Boyd},
  title     = {Nonlinear Optics},
  publisher = {Academic Press},
  year      = {2020}
}

@article{Feynman1948,
  author  = {R. P. Feynman},
  title   = {Space-Time Approach to Non-Relativistic Quantum Mechanics},
  journal = {Rev. Mod. Phys.},
  year    = {1948},
  volume  = {20},
  pages   = {367--387}
}

@article{Dyson1949,
  author  = {F. J. Dyson},
  title   = {The S Matrix in Quantum Electrodynamics},
  journal = {Phys. Rev.},
  year    = {1949},
  volume  = {75},
  pages   = {1736--1755}
}

@article{Kerr1963,
  author  = {R. P. Kerr},
  title   = {Gravitational Field of a Spinning Mass as an Example of Algebraically Special Metrics},
  journal = {Phys. Rev. Lett.},
  year    = {1963},
  volume  = {11},
  pages   = {237--238}
}

@article{Kraniotis2005,
  author  = {G. V. Kraniotis},
  title   = {Precise Relativistic Orbits in Kerr and Schwarzschild Geometries},
  journal = {Class. Quantum Grav.},
  year    = {2005},
  volume  = {22},
  pages   = {4391--4424}
}

@article{Kruskal1960,
  author  = {M. D. Kruskal},
  title   = {Maximal Extension of Schwarzschild Metric},
  journal = {Phys. Rev.},
  year    = {1960},
  volume  = {119},
  pages   = {1743--1745}
}

@article{FrolovGoswami2007,
  author  = {V. P. Frolov and R. Goswami},
  title   = {Surface Geometry of Multi-Dimensional Black Holes},
  journal = {Phys. Rev. D},
  year    = {2007},
  volume  = {75},
  pages   = {124001}
}

@article{GPB2011,
  author  = {C. W. F. Everitt and others},
  title   = {Gravity Probe B: Final Results of a Space Experiment to Test General Relativity},
  journal = {Phys. Rev. Lett.},
  year    = {2011},
  volume  = {106},
  pages   = {221101}
}

@article{LIGO2016,
  author  = {B. P. Abbott and others},
  title   = {Observation of Gravitational Waves from a Binary Black Hole Merger},
  journal = {Phys. Rev. Lett.},
  year    = {2016},
  volume  = {116},
  pages   = {061102}
}

@article{Hanneke2008,
  author  = {D. Hanneke and others},
  title   = {New Measurement of the Electron Magnetic Moment and the Fine Structure Constant},
  journal = {Phys. Rev. Lett.},
  year    = {2008},
  volume  = {100},
  pages   = {120801}
}

@article{Aoyama2012,
  author  = {T. Aoyama and others},
  title   = {Complete Tenth-Order QED Contribution to the Electron g-2},
  journal = {Phys. Rev. Lett.},
  year    = {2012},
  volume  = {109},
  pages   = {111807}
}

@article{Parker2018,
  author  = {R. H. Parker and others},
  title   = {Measurement of the Fine-Structure Constant as a Test of the Standard Model},
  journal = {Science},
  year    = {2018},
  volume  = {360},
  pages   = {191--195}
}

@article{Perkins1965,
  author  = {D. H. Perkins},
  title   = {The Neutrino Theory of Light},
  journal = {Proc. Phys. Soc.},
  year    = {1965},
  volume  = {86},
  pages   = {113--130}
}

@article{CouderFort2006,
  author  = {Y. Couder and E. Fort},
  title   = {Single-Particle Diffraction and Interference at a Macroscopic Scale},
  journal = {Phys. Rev. Lett.},
  year    = {2006},
  volume  = {97},
  pages   = {154101}
}

@article{Bush2015,
  author  = {J. W. M. Bush},
  title   = {Pilot-Wave Hydrodynamics},
  journal = {Annu. Rev. Fluid Mech.},
  year    = {2015},
  volume  = {47},
  pages   = {269--292}
}
