@CONTROL{REVTEX42Control}
@CONTROL{apsrev42Control,author="08",editor="1",pages="0",title="0",year="1"}
@book{FeynmanHibbs1965,
  author    = {Feynman, Richard P. and Hibbs, Albert R.},
  title     = {Quantum Mechanics and Path Integrals},
  publisher = {McGraw-Hill},
  year      = {1965}
}

@misc{BirrellDavies,
  note = {Placeholder citation}
}

@misc{ParkerToms,
  note = {Placeholder citation}
}

@misc{Bondi1962,
  note = {Placeholder citation}
}

@misc{Sachs1962,
  note = {Placeholder citation}
}

@misc{SmeenkWuthrich2021,
  note = {Placeholder citation}
}

@misc{Hensen2015,
  note = {Placeholder citation}
}

@misc{Giustina2015,
  note = {Placeholder citation}
}

@misc{Shalm2015,
  note = {Placeholder citation}
}

@misc{Bohm1952,
  note = {Placeholder citation}
}

@misc{PittsSchieve2004,
  note = {Placeholder citation}
}

@misc{Will2014,
  note = {Placeholder citation}
}

@misc{LiskaUnge2022,
  note = {Placeholder citation}
}

@misc{PDG2024,
  note = {Placeholder citation}
}

@misc{WahlstromChao1988,
  note = {Placeholder citation}
}

@misc{MandelWolf1995,
  note = {Placeholder citation}
}

@misc{Montgomery1973,
  note = {Placeholder citation}
}

@misc{BerryKeating1999,
  note = {Placeholder citation}
}

@misc{BoydNLO,
  note = {Placeholder citation}
}

@misc{Feynman1948,
  note = {Placeholder citation}
}

@misc{Dyson1949,
  note = {Placeholder citation}
}

@misc{Kerr1963,
  note = {Placeholder citation}
}

@misc{Kraniotis2005,
  note = {Placeholder citation}
}

@misc{Kruskal1960,
  note = {Placeholder citation}
}

@misc{FrolovGoswami2007,
  note = {Placeholder citation}
}

@misc{GPB2011,
  note = {Placeholder citation}
}

@misc{LIGO2016,
  note = {Placeholder citation}
}

@misc{Hanneke2008,
  note = {Placeholder citation}
}

@misc{Aoyama2012,
  note = {Placeholder citation}
}

@misc{Parker2018,
  note = {Placeholder citation}
}

@misc{Perkins1965,
  note = {Placeholder citation}
}

@misc{CouderFort2006,
  note = {Placeholder citation}
}

@misc{Bush2015,
  note = {Placeholder citation}
}
