\begin{filecontents*}{references.bib}
@book{BirrellDavies,
  author = {Birrell, N. D. and Davies, P. C. W.},
  title  = {Quantum Fields in Curved Space},
  year   = {1982},
  publisher = {Cambridge University Press}
}

@book{ParkerToms,
  author = {Parker, Leonard E. and Toms, David},
  title  = {Quantum Field Theory in Curved Spacetime: Quantized Fields and Gravity},
  year   = {2009},
  publisher = {Cambridge University Press}
}

@article{Bondi1962,
  author  = {Bondi, H. and van der Burg, M. G. J. and Metzner, A. W. K.},
  title   = {Gravitational waves in general relativity. VII. Waves from axi-symmetric isolated systems},
  journal = {Proc. R. Soc. A},
  year    = {1962},
  volume  = {269},
  pages   = {21--52},
  doi     = {10.1098/rspa.1962.0161}
}

@article{Sachs1962,
  author  = {Sachs, R. K.},
  title   = {Gravitational waves in general relativity. VIII. Waves in asymptotically flat space-time},
  journal = {Proc. R. Soc. A},
  year    = {1962},
  volume  = {270},
  pages   = {103--126},
  doi     = {10.1098/rspa.1962.0206}
}

@incollection{SmeenkWuthrich2021,
  author = {Smeenk, Chris and W{\"u}thrich, Christian},
  title  = {Determinism in Physics},
  booktitle = {The Stanford Encyclopedia of Philosophy},
  year   = {2021},
  publisher = {Metaphysics Research Lab, Stanford University}
}

@article{Hensen2015,
  author  = {Hensen, B. and {et al.}},
  title   = {Loophole-free Bell inequality violation using electron spins separated by 1.3 km},
  journal = {Nature},
  year    = {2015},
  volume  = {526},
  pages   = {682--686},
  doi     = {10.1038/nature15759}
}

@article{Giustina2015,
  author  = {Giustina, M. and {et al.}},
  title   = {Significant-Loophole-Free Test of Bell's Theorem with Entangled Photons},
  journal = {Phys. Rev. Lett.},
  year    = {2015},
  volume  = {115},
  pages   = {250401},
  doi     = {10.1103/PhysRevLett.115.250401}
}

@article{Shalm2015,
  author  = {Shalm, L. K. and {et al.}},
  title   = {Strong Loophole-Free Test of Local Realism},
  journal = {Phys. Rev. Lett.},
  year    = {2015},
  volume  = {115},
  pages   = {250402},
  doi     = {10.1103/PhysRevLett.115.250402}
}

@article{Bohm1952,
  author  = {Bohm, David},
  title   = {A Suggested Interpretation of the Quantum Theory in Terms of 'Hidden' Variables I, II},
  journal = {Phys. Rev.},
  year    = {1952},
  volume  = {85},
  pages   = {166--193, 180--193},
  doi     = {10.1103/PhysRev.85.166}
}

@article{PittsSchieve2004,
  author  = {Pitts, J. Brian and Schieve, William C.},
  title   = {Null cones and Einstein's equations},
  journal = {Found. Phys.},
  year    = {2004},
  volume  = {34},
  pages   = {211--238},
  doi     = {10.1023/B:FOOP.0000019581.16271.21}
}

@article{Will2014,
  author  = {Will, Clifford M.},
  title   = {The Confrontation between General Relativity and Experiment},
  journal = {Living Rev. Relativ.},
  year    = {2014},
  volume  = {17},
  pages   = {4},
  doi     = {10.12942/lrr-2014-4}
}

@article{LiskaUnge2022,
  author  = {Liska, Tom{\'a}{\v s} and von Unge, Rikard},
  title   = {Resonant string behavior in a gravitational wave burst},
  journal = {Phys. Rev. D},
  year    = {2022},
  volume  = {106},
  pages   = {044066},
  doi     = {10.1103/PhysRevD.106.044066}
}

@article{PDG2024,
  author  = {Workman, R. L. and {Particle Data Group}},
  title   = {Review of Particle Physics},
  journal = {Prog. Theor. Exp. Phys.},
  year    = {2024},
  volume  = {2024},
  pages   = {083C01}
}

@article{WahlstromChao1988,
  author  = {Wahlstr{\"o}m, C.-G. and Chao, K. A.},
  title   = {Spectral properties of quasiperiodic arrays},
  journal = {Phys. Rev. B},
  year    = {1988},
  volume  = {38},
  number  = {17},
  pages   = {11793--11809},
  doi     = {10.1103/PhysRevB.38.11793}
}

@book{MandelWolf1995,
  author = {Mandel, Leonard and Wolf, Emil},
  title  = {Optical Coherence and Quantum Optics},
  year   = {1995},
  publisher = {Cambridge University Press}
}

@incollection{Montgomery1973,
  author = {Montgomery, H. L.},
  title  = {The Pair Correlation of Zeros of the Zeta Function},
  booktitle = {Proc. Symp. Pure Math.},
  volume = {24},
  pages  = {181--193},
  year   = {1973},
  publisher = {AMS}
}

@article{BerryKeating1999,
  author  = {Berry, M. V. and Keating, J. P.},
  title   = {The Riemann zeros and eigenvalue asymptotics},
  journal = {Proc. R. Soc. A},
  year    = {1999},
  volume  = {456},
  pages   = {2579--2589}
}

@book{BoydNLO,
  author = {Boyd, Robert W.},
  title  = {Nonlinear Optics},
  edition= {3},
  year   = {2008},
  publisher = {Academic Press}
}

@article{Feynman1948,
  author  = {Feynman, Richard P.},
  title   = {Space-Time Approach to Non-Relativistic Quantum Mechanics},
  journal = {Rev. Mod. Phys.},
  year    = {1948},
  volume  = {20},
  pages   = {367--387},
  doi     = {10.1103/RevModPhys.20.367}
}

@article{Dyson1949,
  author  = {Dyson, Freeman J.},
  title   = {The S-Matrix in Quantum Electrodynamics},
  journal = {Phys. Rev.},
  year    = {1949},
  volume  = {75},
  pages   = {1736--1755},
  doi     = {10.1103/PhysRev.75.1736}
}

@article{Kerr1963,
  author  = {Kerr, Roy P.},
  title   = {Gravitational Field of a Spinning Mass as an Example of Algebraically Special Metrics},
  journal = {Phys. Rev. Lett.},
  year    = {1963},
  volume  = {11},
  pages   = {237--238},
  doi     = {10.1103/PhysRevLett.11.237}
}

@article{Kraniotis2005,
  author  = {Kraniotis, George V.},
  title   = {Precise relativistic orbits in Kerr and Kerr--de Sitter spacetimes},
  journal = {Class. Quantum Grav.},
  year    = {2004},
  volume  = {21},
  pages   = {4743--4769},
  doi     = {10.1088/0264-9381/21/20/016}
}

@article{Kruskal1960,
  author  = {Kruskal, Martin D.},
  title   = {Maximal Extension of Schwarzschild Metric},
  journal = {Phys. Rev.},
  year    = {1960},
  volume  = {119},
  pages   = {1743--1745},
  doi     = {10.1103/PhysRev.119.1743}
}

@article{FrolovGoswami2007,
  author  = {Frolov, Valeri P. and Goswami, Rituparno},
  title   = {Surface geometry of 5D black holes and black rings},
  journal = {Phys. Rev. D},
  year    = {2007},
  volume  = {75},
  pages   = {124001},
  doi     = {10.1103/PhysRevD.75.124001}
}

@article{GPB2011,
  author  = {Everitt, C. W. F. and {et al.}},
  title   = {Gravity Probe B: Final Results of a Space Experiment to Test General Relativity},
  journal = {Phys. Rev. Lett.},
  year    = {2011},
  volume  = {106},
  pages   = {221101},
  doi     = {10.1103/PhysRevLett.106.221101}
}

@article{LIGO2016,
  author  = {Abbott, B. P. and {LIGO Scientific Collaboration and Virgo Collaboration}},
  title   = {Observation of Gravitational Waves from a Binary Black Hole Merger},
  journal = {Phys. Rev. Lett.},
  year    = {2016},
  volume  = {116},
  pages   = {061102},
  doi     = {10.1103/PhysRevLett.116.061102}
}

@article{Hanneke2008,
  author  = {Hanneke, D. and Fogwell, S. and Gabrielse, G.},
  title   = {New Measurement of the Electron Magnetic Moment and the Fine Structure Constant},
  journal = {Phys. Rev. Lett.},
  year    = {2008},
  volume  = {100},
  pages   = {120801},
  doi     = {10.1103/PhysRevLett.100.120801}
}

@article{Aoyama2012,
  author  = {Aoyama, T. and Hayakawa, M. and Kinoshita, T. and Nio, M.},
  title   = {Tenth-Order QED Contribution to the Electron g-2 and an Improved Value of the Fine-Structure Constant},
  journal = {Phys. Rev. Lett.},
  year    = {2012},
  volume  = {109},
  pages   = {111807},
  doi     = {10.1103/PhysRevLett.109.111807}
}

@article{Parker2018,
  author  = {Parker, Richard H. and {et al.}},
  title   = {Measurement of the fine-structure constant as a test of the Standard Model},
  journal = {Science},
  year    = {2018},
  volume  = {360},
  pages   = {191--195},
  doi     = {10.1126/science.aap7706}
}

@article{Perkins1965,
  author  = {Perkins, Donald H.},
  title   = {Neutrino Theory of Photons},
  journal = {Phys. Rev.},
  year    = {1965},
  volume  = {137},
  number  = {5B},
  pages   = {B1291--B1295},
  doi     = {10.1103/PhysRev.137.B1291}
}

@article{CouderFort2006,
  author  = {Couder, Yves and Fort, Emmanuel},
  title   = {Single-Particle Diffraction and Interference at a Macroscopic Scale},
  journal = {Phys. Rev. Lett.},
  year    = {2006},
  volume  = {97},
  pages   = {154101},
  doi     = {10.1103/PhysRevLett.97.154101}
}

@article{Bush2015,
  author  = {Bush, John W. M.},
  title   = {Pilot-Wave Hydrodynamics},
  journal = {Annu. Rev. Fluid Mech.},
  year    = {2015},
  volume  = {47},
  pages   = {269--292},
  doi     = {10.1146/annurev-fluid-010814-014506}
}

@book{FeynmanHibbs1965,
  author = {Feynman, Richard P. and Hibbs, Albert R.},
  title  = {Quantum Mechanics and Path Integrals},
  year   = {1965},
  publisher = {McGraw--Hill}
}
\end{filecontents*}